<record xmlns="http://www.loc.gov/MARC21/slim" xmlns:xsi="http://www.w3.org/2001/XMLSchema-instance" xsi:schemaLocation="http://www.loc.gov/MARC21/slim http://www.loc.gov/standards/marcxml/schema/MARC21slim.xsd">

  <leader>00647nam a2200181Ia 4500</leader>
  <datafield ind1=" " ind2=" " tag="020">
    <subfield code="a">9977-15-091-5</subfield>
  </datafield>
  <datafield ind2=" " tag="090" ind1=" ">
    <subfield code="a">04.01.01 </subfield>
    <subfield code="b">906</subfield>
  </datafield>
  <datafield ind1=" " ind2=" " tag="245">
    <subfield code="a">Simposio interinstitucional sobre legislación educativa / </subfield>
    <subfield code="c">Pedro Venegas Jiménez, presentador; María Elena Camacho, editora</subfield>
  </datafield>
  <datafield ind1=" " tag="260" ind2=" ">
    <subfield code="a">San José, C.R. : Oficina de Publicaciones de la Universidad de Costa Rica</subfield>
  </datafield>
  <datafield ind1=" " tag="300" ind2=" ">
    <subfield code="a">177 páginas</subfield>
  </datafield>
  <datafield ind1=" " ind2=" " tag="650">
    <subfield code="a">LEGISLACION </subfield>
  </datafield>
  <datafield ind2=" " tag="650" ind1=" ">
    <subfield code="a">CONFERENCIAS </subfield>
  </datafield>
  <datafield ind1=" " tag="650" ind2=" ">
    <subfield code="a">ADMINISTRADORES DE LA ENSEÑANZA </subfield>
  </datafield>
  <datafield ind1=" " tag="650" ind2=" ">
    <subfield code="a">EDUCACION </subfield>
  </datafield>
  <datafield tag="650" ind2=" " ind1=" ">
    <subfield code="a">DERECHOS HUMANOS</subfield>
  </datafield>
  <datafield tag="700" ind2=" " ind1=" ">
    <subfield code="a">Pedro Venegas Jiménez, </subfield>
    <subfield code="e">presentador</subfield>
  </datafield>
  <datafield tag="700" ind2=" " ind1=" ">
    <subfield code="a">María Elena Camacho, </subfield>
    <subfield code="e">editora</subfield>
  </datafield>
  <datafield ind1=" " ind2=" " tag="999">
    <subfield code="c">958</subfield>
    <subfield code="d">958</subfield>
  </datafield>
</record>